@book{anderson2021modern,
	author = {John D. Anderson},
	title = {Modern Compressible Flow: With Historical Perspective},
	publisher = {McGraw-Hill Education},
	year = {2021},
	edition = {4th},
	address = {New York},
	isbn = {9781260570556},
}

@book{Cengel2017,
	author = {Çengel, Yunus A. and Cimbala, John M.},
	title = {Fluid Mechanics: Fundamentals and Applications},
	edition = {4th},
	year = {2017},
	publisher = {McGraw Hill, LLC},
	address = {New York, NY},
	series = {Mechanical Engineering},
}

@manual{comsol_microfluidics_guide,
	title = {Microfluidics Module User’s Guide},
	author = {{COMSOL}},
	year = {2022},
	organization = {COMSOL AB},
	address = {Stockholm, Sweden},
	note = {Version: COMSOL 6.1, Part number: CM021901. Available at: \url{
	        www.comsol.com}},
}

@techreport{ames1953compressible,
	title = {Equations, Tables, and Charts for Compressible Flow},
	author = {{Ames Research Staff}},
	institution = {National Advisory Committee for Aeronautics},
	number = {Report 1135},
	year = {1953},
	address = {Moffett Field, CA},
	url = {
	       https://ntrs.nasa.gov/api/citations/19930091059/downloads/19930091059.pdf
	       },
}

@phdthesis{putignano2012supersonic,
	title = {Supersonic Gas-Jet Based Beam Profile Monitor},
	author = {Massimiliano Putignano},
	year = {2012},
	school = {University of Liverpool},
	address = {Liverpool, UK},
	type = {Philosophi{\ae}Doctor (PhD)},
	department = {Department of Physics},
}

@book{rapp2017microfluidics,
	title = {Microfluidics: Modeling, Mechanics and Mathematics},
	author = {Bastian E. Rapp},
	year = {2017},
	publisher = {Elsevier},
	address = {Oxford, UK},
	isbn = {978-1-4557-3141-1},
	doi = {10.1016/C2012-0-02230-2},
	language = {English},
}


@article{SALAS1986193,
	title = {Multiple steady states for characteristic initial value problems},
	journal = {Applied Numerical Mathematics},
	volume = {2},
	number = {3},
	pages = {193-210},
	year = {1986},
	note = {Special Issue in Honor of Milt Rose's Sixtieth Birthday},
	issn = {0168-9274},
	doi = {https://doi.org/10.1016/0168-9274(86)90028-0},
	url = {https://www.sciencedirect.com/science/article/pii/0168927486900280},
	author = {M.D. Salas and S. Abarbanel and D. Gottlieb},
}

@book{EMMONS1958,
	ISBN = {9780691626499},
	URL = {http://www.jstor.org/stable/j.ctt183pg9x},
	abstract = {The book description for "Fundamentals of Gas Dynamics" is
	            currently unavailable.},
	publisher = {Princeton University Press},
	title = {Fundamentals of Gas Dynamics},
	urldate = {2025-01-21},
	year = {1958},
}

@misc{benson_mass_nodate,
	type = {Research},
	title = {Mass {Flow} {Rate} {Equations}},
	url = {
	       https://www.grc.nasa.gov/www/k-12/VirtualAero/BottleRocket/airplane/mchkdrv.html
	       },
	language = {en},
	urldate = {2025-01-27},
	journal = {NASA Glenn Research Center},
	author = {Benson, Ben},
}

@misc{hall_isentropic_nodate,
	type = {Research},
	title = {Isentropic {Flow} {Equations}},
	url = {https://www.grc.nasa.gov/www/k-12/airplane/isentrop.html},
	language = {eng},
	urldate = {2024-07-18},
	journal = {NASA Glenn Research Center},
	author = {Hall, Nancy},
}

@article{agrawal_comprehensive_2011,
	title = {A {Comprehensive} {Review} on {Gas} {Flow} in {Microchannels}},
	volume = {2},
	issn = {1759-3093},
	url = {http://doi.org/10.1260/1759-3093.2.1.1},
	language = {en},
	number = {1},
	urldate = {2024-07-09},
	journal = {International Journal of Micro-Nano Scale Transport},
	author = {Agrawal, Amit},
	year = {2011},
	note = {Number: 1 Publisher: Multi-Science Publishing},
	pages = {1--40},
}

@misc{Cantwell_AA210A,
	author = {Brian Cantwell},
	title = {AA210A: Fundamentals of Compressible Flow - Course Introduction},
	institution = {Stanford University, Department of Aeronautics and
	               Astronautics},
	year = {2020},
	note = {Presentation slide with a rocket test image on cover},
}


@article{liu_study_2006,
	title = {Study on micronozzle flow and propulsion performance using {DSMC}
	         and continuum methods},
	volume = {22},
	issn = {1614-3116},
	url = {https://doi.org/10.1007/s10409-006-0020-y},
	doi = {10.1007/s10409-006-0020-y},
	language = {en},
	number = {5},
	urldate = {2025-02-24},
	journal = {Acta Mechanica Sinica},
	author = {Liu, Minghou and Zhang, Xianfeng and Zhang, Genxuan and Chen,
	          Yiliang},
	month = oct,
	year = {2006},
	keywords = {Continuum model, DSMC, Micronozzle, Slip boundary condition,
	            Thrust efficiency},
	pages = {409--416},
}

@techreport{robertson_investigation_1970,
	title = {Investigation of the steady expansion of a gaseous axisymmetric jet
	         into a vacuum {Final} report},
	url = {https://ntrs.nasa.gov/citations/19700021503},
	abstract = {Analysis and experimental studies of noncontinuum flow field in
	            axisymmetric rocket exhaust},
	number = {HREC-1490-2},
	urldate = {2024-08-22},
	author = {Robertson, S. J.},
	month = jan,
	year = {1970},
	note = {NTRS Author Affiliations: Lockheed Missiles and Space Co. NTRS
	        Document ID: 19700021503 NTRS Research Center: Legacy CDMS (CDMS)},
	keywords = {Fluid Mechanics},
}

@inproceedings{sreekanth1969slip,
	author = {Sreekanth, A. K.},
	title = {Slip Flow Through Long Circular Tubes},
	booktitle = {Proceedings of the 6th International Symposium on Rarefied Gas
	             Dynamics},
	editor = {Trilling, L. and Wachman, H. Y.},
	pages = {667--680},
	publisher = {Academic Press},
	address = {New York, NY, USA},
	year = {1969},
}

@techreport{Cassanova1965,
	author = {R. A. Cassanova and W. B. Stephenson},
	title = {Expansion of a Jet into Near Vacuum},
	institution = {Aerospace Environmental Facility, Arnold Engineering
	               Development Center, Air Force Systems Command, Arnold Air
	               Force Station, Tennessee},
	year = {1965},
	month = {August},
	number = {AEDC-TR-65-151},
	note = {Approved for public release; distribution is unlimited},
	url = {https://apps.dtic.mil/sti/tr/pdf/AD0469041.pdf},
}

@book{bird_dsmc_2013,
	address = {S.l.},
	edition = {Version 1.2},
	title = {{DSMC} - {The} {DSMC} method},
	isbn = {978-1-4921-1290-7},
	language = {en},
	publisher = {G. A. Bird},
	author = {Bird, G. A.},
	year = {2013},
	keywords = {local knudsen},
}

@inproceedings{Grabe2008,
	author = {Grabe, Martin},
	title = {Numerical Simulation of Nitrogen Nozzle Expansion Using Kinetic and
	         Continuum Approaches},
	booktitle = {Proceedings of the 59th International Astronautical Conference
	             2008},
	year = {2008},
	month = {September},
	address = {Glasgow},
	note = {Open Access. Available at \url{https://elib.dlr.de/55152/}},
	keywords = {Code coupling, DSMC, Plume expansion, rarefied gas},
}

@book{LiLam1964,
	author = {Li, Wen-Hsiung and Lam, Sau-Hai},
	title = {Principles of Fluid Mechanics},
	publisher = {Addison-Wesley},
	year = {1964},
	address = {Reading, Massachusetts},
	series = {Addison-Wesley Series in Engineering Science: Mechanics and
	          Thermodynamics},
	note = {Consulting editors: Bernard Budiansky and Howard W. Emmons},
}

@misc{lagin2025poster,
	author = {A. Lagin},
	title = {Advancing Single-Atom Catalysis: Development of an Apparatus for
	         Reactions at Near Ambient Pressure},
	howpublished = {Poster presented at the Institute of Applied Physics, Vienna
	                University of Technology (TU Wien), Surface Physics Group},
	year = {2025},
	note = {Project presentation},
}

@misc{kim2004numericalanalysisflowcharacteristics,
	title = {Numerical analysis of flow characteristics of an atmospheric plasma
	         torch},
	author = {Youn J. Kim and You-Jae Kim and J. -G. Han},
	year = {2004},
	eprint = {physics/0410237},
	archivePrefix = {arXiv},
	primaryClass = {physics.class-ph},
	url = {https://arxiv.org/abs/physics/0410237},
}

@article{wang_analyses_2008,
	title = {Analyses of gas flows in micro- and nanochannels},
	volume = {51},
	copyright = {https://www.elsevier.com/tdm/userlicense/1.0/},
	issn = {00179310},
	url = {https://linkinghub.elsevier.com/retrieve/pii/S0017931007006254},
	doi = {10.1016/j.ijheatmasstransfer.2007.10.011},
	language = {en},
	number = {13-14},
	urldate = {2024-11-18},
	journal = {International Journal of Heat and Mass Transfer},
	author = {Wang, Moran and Lan, Xudong and Li, Zhixin},
	month = jul,
	year = {2008},
	pages = {3630--3641},
}

@phdthesis{halwidl_development_2016,
	address = {Wiesbaden},
	title = {Development of an {Effusive} {Molecular} {Beam} {Apparatus}},
	url = {http://link.springer.com/10.1007/978-3-658-13536-2},
	language = {en},
	urldate = {2023-09-28},
	school = {Springer Fachmedien Wiesbaden},
	author = {Halwidl, Daniel},
	year = {2016},
	doi = {10.1007/978-3-658-13536-2},
}

@book{noauthor_zucrow_nodate,
	title = {Zucrow, {Hoffman} - {Gas} {Dynamics}, {Vol}. 2 - 1977.pdf},
	url = {http://ftp.demec.ufpr.br/CFD/bibliografia/Zucrow,
	       %20Hoffman%20-%20Gas%20Dynamics,%20Vol.%202%20-%201977.pdf},
	urldate = {2024-08-22},
}

@article{khare_rocket_2021,
	title = {Rocket nozzles: 75 years of research and development},
	volume = {46},
	issn = {0973-7677},
	shorttitle = {Rocket nozzles},
	url = {https://doi.org/10.1007/s12046-021-01584-6},
	doi = {10.1007/s12046-021-01584-6},
	language = {en},
	number = {2},
	urldate = {2024-08-21},
	journal = {Sādhanā},
	author = {Khare, Shivang and Saha, Ujjwal K.},
	month = apr,
	year = {2021},
	keywords = {aerodynamics, efficiency, expansion ratio, method of
	            characteristics, nozzle contour, Rocket nozzle, shock wave,
	            thrust},
	pages = {76},
}

@article{fernandes_shape_2023,
	title = {A shape design optimization methodology based on the method of
	         characteristics for rocket nozzles},
	volume = {15},
	issn = {1868-2510},
	url = {https://doi.org/10.1007/s12567-023-00511-1},
	doi = {10.1007/s12567-023-00511-1},
	language = {en},
	number = {6},
	urldate = {2024-08-21},
	journal = {CEAS Space Journal},
	author = {Fernandes, Tiago and Souza, Alain and Afonso, Frederico},
	month = nov,
	year = {2023},
	keywords = {Artificial Intelligence, Compressible flow, Method of
	            characteristics, Nozzle design, Shape optimization,
	            Surrogate-based optimization},
	pages = {867--879},
}

@book{anderson_fundamentals_2017,
	address = {New York, NY},
	edition = {Sixth edition},
	series = {{McGraw}-{Hill} series in aeronautical and aerospace engineering},
	title = {Fundamentals of aerodynamics},
	isbn = {978-1-259-12991-9},
	language = {en},
	publisher = {McGraw Hill Education},
	author = {Anderson, John D.},
	year = {2017},
	keywords = {Aerodynamics},
}

@inproceedings{Hirschfelder1954MolecularTO,
	title = {Molecular Theory Of Gases And Liquids},
	author = {J. O. Hirschfelder and Charles F. . Curtiss and R. Byron Bird},
	year = {1954},
	url = {https://api.semanticscholar.org/CorpusID:93258869},
}

@book{ohanlon_users_2003,
	address = {Hoboken, NJ},
	edition = {3rd ed},
	title = {A user's guide to vacuum technology},
	isbn = {978-0-471-27052-2},
	publisher = {Wiley-Interscience},
	author = {O'Hanlon, John F.},
	year = {2003},
}

@book{jousten_handbook_2016,
	address = {Weinheim},
	edition = {Second, completely revised and updated edition},
	title = {Handbook of vacuum technology},
	isbn = {978-3-527-41338-6 978-3-527-68824-1 978-3-527-68823-4
	        978-3-527-68826-5 978-3-527-68825-8},
	language = {eng},
	publisher = {Wiley-VCH Verlag GmbH \& Co. KGaA},
	editor = {Jousten, Karl},
	year = {2016},
	keywords = {throughput},
}

@article{leishman_internal_2023,
	title = {Internal {Flows}},
	url = {
	       https://eaglepubs.erau.edu/introductiontoaerospaceflightvehicles/chapter/internal-flows/
	       },
	doi = {10.15394/eaglepub.2022.1066.n26},
	language = {en},
	urldate = {2024-07-25},
	author = {Leishman, J. Gordon},
	month = jan,
	year = {2023},
	note = {Book Title: Introduction to Aerospace Flight Vehicles Publisher:
	        Embry-Riddle Aeronautical University},
	file = {
	        Snapshot:/home/kronberger/Zotero/storage/E4P2G9SD/internal-flows.html:text/html
	        },
}
