@book{anderson2021modern,
	author = {John D. Anderson},
	title = {Modern Compressible Flow: With Historical Perspective},
	publisher = {McGraw-Hill Education},
	year = {2021},
	edition = {4th},
	address = {New York},
	isbn = {9781260570556},
}

@book{Cengel2017,
	author = {Çengel, Yunus A. and Cimbala, John M.},
	title = {Fluid Mechanics: Fundamentals and Applications},
	edition = {4th},
	year = {2017},
	publisher = {McGraw Hill, LLC},
	address = {New York, NY},
	series = {Mechanical Engineering},
}

@manual{comsol_microfluidics_guide,
	title = {Microfluidics Module User’s Guide},
	author = {{COMSOL}},
	year = {2022},
	organization = {COMSOL AB},
	address = {Stockholm, Sweden},
	note = {Version: COMSOL 6.1, Part number: CM021901. Available at: \url{
	        www.comsol.com}},
}

@techreport{ames1953compressible,
	title = {Equations, Tables, and Charts for Compressible Flow},
	author = {{Ames Research Staff}},
	institution = {National Advisory Committee for Aeronautics},
	number = {Report 1135},
	year = {1953},
	address = {Moffett Field, CA},
	url = {
	       https://ntrs.nasa.gov/api/citations/19930091059/downloads/19930091059.pdf
	       },
}

@phdthesis{putignano2012supersonic,
	title = {Supersonic Gas-Jet Based Beam Profile Monitor},
	author = {Massimiliano Putignano},
	year = {2012},
	school = {University of Liverpool},
	address = {Liverpool, UK},
	type = {Philosophi{\ae}Doctor (PhD)},
	department = {Department of Physics},
}

@book{rapp2017microfluidics,
	title = {Microfluidics: Modeling, Mechanics and Mathematics},
	author = {Bastian E. Rapp},
	year = {2017},
	publisher = {Elsevier},
	address = {Oxford, UK},
	isbn = {978-1-4557-3141-1},
	doi = {10.1016/C2012-0-02230-2},
	language = {English},
}
